@online{wprime,
title = {Wilsome Prime - Serial Computation},
url = {https://github.com/voldien/wprime},
\urldate = {2017-11-15},
}

@online{clwprime,
title = {Wilsome Prime - Parallel Computation},
url = {https://github.com/voldien/clwprime},
urldate = {2017-11-15},
}